@book{chamberlain_neville_2000,
	title = {The Neville Chamberlain Diary Letters: The Downing Street years, 1934-1940},
	isbn = {978-0-7546-5266-3},
	url = {https://books.google.ch/books?id=aKoKAQAAMAAJ},
	series = {The Neville Chamberlain Diary Letters},
	publisher = {Ashgate Pub.},
	author = {Chamberlain, N. and Self, R.C.},
	date = {2000},
	lccn = {00026601},
}

@misc{prime_minister_statement_common_sittings_european_situation,
  title        = "Prime Minister's Statement",
  url          = {https://api.parliament.uk/historic-hansard/commons/1938/sep/28/prime-ministers-statement#S5CV0339P0_19380928_HOC_13},
  publisher    = "UK Parliament",
  year         = 1938 ,
  note         = "Accessed: 2022-12-24",
}

@book{voelkerbund_muenchener_abkommen_hermann_raschhofer,
  author= {Raschhofer, Hermann},
  booktitle = {Völkerbund und Münchener Abkommen die Staatengesellschaft von 1938},
  address = {München},
  keywords = {Völkerbund,,,},
  language = {ger},
  publisher = {G. Olzog},
  series = {Berichte und Studien der Hanns-Seidel-Stiftung 9},
  title = {Völkerbund und Münchener Abkommen : die Staatengesellschaft von 1938},
  year = {1976},
  isbn = {3789298034},
}

@inproceedings{muenchen_ende_altes_europa,
  address = {Essen},
  isbn = {3920460553},
  keywords = {Münchener Abkommen},
  language = {ger},
  publisher = {Reimar Hobbing},
  title = {München 1938 : das Ende des alten Europa},
  year = {1990 - 1990},
}

@misc{ismay1938,
author = {Ismay, Hastings},
title = {Note from General Ismay to the British Cabinet},
year = {1938},
month = {September},
day = {20},
archive = {CAB 21/544}
}

@misc{times2019,
author = {Caquet, P. E.},
title = {What the British and the French Actually Thought About the Decision to Appease Hitler at Munich in 1938},
journal = {The Times},
year = {2019},
month = {September},
day = {24},
url = {https://time.com/5684506/munich-appeasement/}
}